@online{site:agile-manifesto,
    title   = {Manifesto Agile},
    url     = {http://agilemanifesto.org/}
}

@online{site:tdd,
  title = {Test-Driven Development},
  url   = {https://en.wikipedia.org/wiki/Test-driven_development}
}

@online{site:scrum,
  title = {Metodologia Agile Scrum},
  url   = {https://www.atlassian.com/agile/scrum}
}

@online{site:scrum,
  title = {Metodologia Agile Scrum},
  url   = {https://www.atlassian.com/git/tutorials/comparing-workflows/gitflow-workflow}
}